@book{USDB,
	keywords = {major},
	author      = {DAAOU Zeneddine et KERIOUI Abderrahim},
	title           = {Extractions des motifs fréquents orientés besoins du décideur.},
	years       	= {2018 / 2019},
	publisher  = {République Algérienne Démocratique et Populaire, Ministère de l'Enseignement Supérieur et de la Recherche Scientifique},
	adress      = {},
	pages       = {50-55} 
}

@online{towardsdatascience,
	keywords  = {major},
	author       = "Joos Korstanje",
	title            = "The FP Growth algorithm",
	url              = "https://towardsdatascience.com/the-fp-growth-algorithm-1ffa20e839b8"
}

@online{softwaretestinghelp,
	keywords  = {minor},
	author       = "SOFTWARETESTINGHELP 2021",
	title            = "Frequent Pattern (FP) Growth Algorithm In Data Mining",
	url              = "https://www.softwaretestinghelp.com/fp-growth-algorithm-data-mining/"
}

@online{mygreatlearning,
	keywords  = {minor},
	author       = "Great Learning",
	title            = "Understanding (Frequent Pattern) FP Growth Algorithm | What is FP Algorithm?",
	url              = "https://www.mygreatlearning.com/blog/understanding-fp-growth-algorithm/"
}

@online{persoliriscnrs,
	keywords  = {minor},
	author       = "Département Informatique Doua - IUT Lyon 1",
	title            = "Problème",
	url              = "https://perso.liris.cnrs.fr/pierre-antoine.champin/enseignement/algo/cours/algo/probleme.html"
}